@ONLINE{fer:zemris:os,
  author = {[1] FER},
  title = {Operacijski sustavi, laboratorijske vje≈æbe},
  month = jun,
  year = {2016},
  url = {http://www.zemris.fer.hr/predmeti/os/}
}

@ONLINE{android:dev:api:guide,
  author = {Google, [2] Android Developers},
  title = {API Guides},
  month = jun,
  year = {2016},
  url = {https://developer.android.com/guide/index.html}
}

@ONLINE{android:dev:best:performance,
  author = {Google, [3] Android Developers},
  title = {Best Practices for Performance},
  month = jun,
  year = {2016},
  url = {https://developer.android.com/training/best-performance.html}
}

@ONLINE{android:dev:docs,
  author = {Google, [4] Android Developers},
  title = {Package Index},
  month = jun,
  year = {2016},
  url = {https://developer.android.com/reference/packages.html}
}

@ONLINE{wiki:dekker,
  author = {[5] Wikipedia},
  title = {Dekker's algorithm},
  month = jun,
  year = {2016},
  url = {https://en.wikipedia.org/wiki/Dekker%27s_algorithm}
}

@ONLINE{wiki:lamport,
  author = {[6] Wikipedia},
  title = {Lamport's bakery algorithm},
  month = jun,
  year = {2016},
  url = {https://en.wikipedia.org/wiki/Lamport%27s_bakery_algorithm}
}

@ONLINE{wiki:paging,
  author = {[7] Wikipedia},
  title = {Paging},
  month = jun,
  year = {2016},
  url = {https://en.wikipedia.org/wiki/Paging}
}
